<?xml version="1.0" encoding="UTF-8"?><collection xmlns="http://www.loc.gov/MARC21/slim"><record><leader>00521nam--2200181-i-4500</leader><controlfield tag="001">000001430</controlfield><controlfield tag="002">20161230</controlfield><controlfield tag="005">20161230201024</controlfield><controlfield tag="008">060222s1000------------r-----000-0-ger-d</controlfield><datafield ind1=" " ind2=" " tag="040"><subfield code="a">IFIN-HH</subfield></datafield><datafield ind1=" " ind2=" " tag="041"><subfield code="a">ger</subfield></datafield><datafield ind1=" " ind2=" " tag="080"><subfield code="a">535</subfield></datafield><datafield ind1="1" ind2=" " tag="100"><subfield code="a">Francon, M</subfield></datafield><datafield ind1="1" ind2="0" tag="245"><subfield code="a">Moderne anwendungem der physikalischen optik</subfield><subfield code="b">In deutscher sprache herausgegeben von joachim klebe.mit 164 abbildungen</subfield><subfield code="c">M. francon</subfield></datafield><datafield ind1=" " ind2=" " tag="260"><subfield code="a">Berllin</subfield><subfield code="b">Akademie-verlag</subfield><subfield code="c">1971</subfield></datafield><datafield ind1=" " ind2=" " tag="300"><subfield code="a">243 P</subfield></datafield><datafield ind1=" " ind2=" " tag="852"><subfield code="a">77596</subfield><subfield code="c">535</subfield></datafield><datafield ind1=" " ind2=" " tag="CAT"><subfield code="a">Sys</subfield><subfield code="c">20101129</subfield><subfield code="h">112832</subfield></datafield></record></collection>